@Article{soovin,
  author={Yoon, Soovin and Albert, Laura, A.},
  title={An expected coverage model with a cutoff priority queue},
  journal={Health Care Management Science},
  year=2018,
  volume={21},
  number={4},
  pages={517-533},
  month={December},
  keywords={Coverage model; Cutoff priority queue; Emergency medical services; ambulance location; Hypercube app},
  doi={10.1007/s10729-017-9408-4},
}

@article{naoum,
 author = {Naoum-Sawaya, Joe and Elhedhli, Samir},
 title = {A Stochastic Optimization Model for Real-time Ambulance Redeployment},
 journal = {Comput. Oper. Res.},
 issue_date = {August, 2013},
 volume = {40},
 number = {8},
 year = {2013},
 issn = {0305-0548},
 pages = {1972--1978},
 numpages = {7},
 url = {http://dx.doi.org/10.1016/j.cor.2013.02.006},
 doi = {10.1016/j.cor.2013.02.006},
 acmid = {2483513},
 publisher = {Elsevier Science Ltd.},
 address = {Oxford, UK, UK},
 keywords = {Emergency medical systems, Integer programming},
} 

@article{Bouj,
author = {Boujemaa, Rania and Jebali, Aida and Sondes, Hammami and Ruiz, Angel and Bouchriha, H},
year = {2017},
month = {03},
pages = {1-30},
title = {A stochastic approach for designing two-tiered emergency medical service systems},
volume = {30},
journal = {Flexible Services and Manufacturing Journal},
doi = {10.1007/s10696-017-9286-6},
}

@inproceedings{abou,
  title={Reducing ambulance response time using simulation: The case of Val-de-Marne department Emergency Medical Service},
  author={Aboueljinane, Lina and Jemai, Zied and Sahin, Evren},
  booktitle={Proceedings of the Winter Simulation Conference},
  pages={84},
  year={2012},
  organization={Winter Simulation Conference}
}

@article{Bandara,
author = {Damitha Bandara and Maria E Mayorga and Laura A McLay},
title = {Priority dispatching strategies for EMS systems},
journal = {Journal of the Operational Research Society},
volume = {65},
number = {4},
pages = {572-587},
year  = {2014},
publisher = {Taylor & Francis},
doi = {10.1057/jors.2013.95},

URL = { 
        https://doi.org/10.1057/jors.2013.95
    
},
eprint = { 
        https://doi.org/10.1057/jors.2013.95
    
}

}

@article{belanger2018recent,
  title={Recent optimization models and trends in location, relocation, and dispatching of emergency medical vehicles},
  author={B{\'e}langer, V and Ruiz, A and Soriano, P},
  journal={European Journal of Operational Research},
  year={2018},
  publisher={Elsevier}
}

